[gd_scene load_steps=29 format=2]

[ext_resource path="res://zzLegacy/Assets/Plantilla de fondo.png" type="Texture" id=1]
[ext_resource path="res://zzLegacy/Objetos/SillaPlayera3.tscn" type="PackedScene" id=2]
[ext_resource path="res://zzLegacy/Objetos/Castillo.tscn" type="PackedScene" id=3]
[ext_resource path="res://zzLegacy/Objetos/Reposera.tscn" type="PackedScene" id=4]
[ext_resource path="res://zzLegacy/Objetos/Pozo.tscn" type="PackedScene" id=5]
[ext_resource path="res://zzLegacy/Objetos/SillaPlayera2.tscn" type="PackedScene" id=6]
[ext_resource path="res://zzLegacy/Objetos/SillaPlayera1.tscn" type="PackedScene" id=7]
[ext_resource path="res://zzLegacy/Objetos/Sombrilla2.tscn" type="PackedScene" id=8]
[ext_resource path="res://zzLegacy/Objetos/Sombrilla1.tscn" type="PackedScene" id=9]
[ext_resource path="res://zzLegacy/Objetos/Sombrilla3.tscn" type="PackedScene" id=10]
[ext_resource path="res://zzLegacy/Personajes/Cliente1.tscn" type="PackedScene" id=11]
[ext_resource path="res://zzLegacy/Personajes/Cliente3.tscn" type="PackedScene" id=12]
[ext_resource path="res://zzLegacy/Personajes/Cliente2.tscn" type="PackedScene" id=13]
[ext_resource path="res://Player/Player.tscn" type="PackedScene" id=14]
[ext_resource path="res://zzLegacy/Personajes/Cliente4.tscn" type="PackedScene" id=15]
[ext_resource path="res://zzLegacy/Personajes/Fulbo lateral.tscn" type="PackedScene" id=16]
[ext_resource path="res://zzLegacy/Personajes/Fulbo abajo.tscn" type="PackedScene" id=17]
[ext_resource path="res://zzLegacy/Personajes/Fulbo arriba.tscn" type="PackedScene" id=18]
[ext_resource path="res://zzLegacy/Objetos/Pelota.tscn" type="PackedScene" id=19]
[ext_resource path="res://zzLegacy/Personajes/surfista.tscn" type="PackedScene" id=20]
[ext_resource path="res://zzLegacy/Objetos/Barquito.tscn" type="PackedScene" id=21]
[ext_resource path="res://zzLegacy/Personajes/Perro.tscn" type="PackedScene" id=22]
[ext_resource path="res://zzLegacy/Personajes/Mujer1.tscn" type="PackedScene" id=23]
[ext_resource path="res://zzLegacy/Personajes/Hombre1.tscn" type="PackedScene" id=24]
[ext_resource path="res://zzLegacy/Personajes/Hombre2.tscn" type="PackedScene" id=25]
[ext_resource path="res://zzLegacy/Personajes/Mujer2.tscn" type="PackedScene" id=26]
[ext_resource path="res://zzLegacy/Personajes/Jefe.tscn" type="PackedScene" id=27]

[sub_resource type="AtlasTexture" id=1]
flags = 4
atlas = ExtResource( 1 )
region = Rect2( -1.09137, -0.308305, 1220.24, 676.493 )

[node name="beach" type="Node2D"]
position = Vector2( -33.7578, 460.038 )
scale = Vector2( 0.667489, 0.670575 )

[node name="Sprite" type="Sprite" parent="."]
position = Vector2( 330.728, -6.02173 )
scale = Vector2( 1.59926, 1.59926 )
texture = SubResource( 1 )

[node name="Sprite2" type="Sprite" parent="."]
position = Vector2( 1711.42, -1.66833 )
scale = Vector2( 1.59926, 1.59926 )
texture = SubResource( 1 )
__meta__ = {
"_edit_lock_": true
}

[node name="Sprite3" type="Sprite" parent="."]
position = Vector2( 3428.69, 0 )
scale = Vector2( 1.59926, 1.59926 )
texture = SubResource( 1 )
__meta__ = {
"_edit_lock_": true
}

[node name="Sprite4" type="Sprite" parent="."]
position = Vector2( 5153.32, 0 )
scale = Vector2( 1.59926, 1.59926 )
texture = SubResource( 1 )
__meta__ = {
"_edit_lock_": true
}

[node name="Sprite5" type="Sprite" parent="."]
position = Vector2( 6865.23, 0 )
scale = Vector2( 1.59926, 1.59926 )
texture = SubResource( 1 )
__meta__ = {
"_edit_lock_": true
}

[node name="Sprite6" type="Sprite" parent="."]
position = Vector2( 8580.17, -1.53339 )
scale = Vector2( 1.59926, 1.59926 )
texture = SubResource( 1 )
__meta__ = {
"_edit_lock_": true
}

[node name="Sprite7" type="Sprite" parent="."]
position = Vector2( 10313.8, 1.12372 )
scale = Vector2( 1.59926, 1.59926 )
texture = SubResource( 1 )
__meta__ = {
"_edit_lock_": true
}

[node name="Jefe" parent="." instance=ExtResource( 27 )]
position = Vector2( -186.797, -72.5573 )

[node name="Churrero" parent="." instance=ExtResource( 14 )]
modulate = Color( 0.431373, 0.0941176, 0.560784, 1 )
position = Vector2( -319.05, 15.5845 )
scale = Vector2( 1.5, 1.5 )
speed = 350

[node name="Bloque Comienzo" type="Node2D" parent="."]
__meta__ = {
"_edit_lock_": true
}

[node name="SillaPlayera5" parent="Bloque Comienzo" instance=ExtResource( 2 )]
position = Vector2( 186.416, -66.1324 )

[node name="Sprite" parent="Bloque Comienzo/SillaPlayera5" index="0"]
position = Vector2( -14.3568, -65.1796 )
flip_h = true

[node name="Sombrilla1" parent="Bloque Comienzo" instance=ExtResource( 9 )]
position = Vector2( 266.531, -136.979 )

[node name="SillaPlayera1" parent="Bloque Comienzo" instance=ExtResource( 7 )]
modulate = Color( 0.580392, 0.25098, 0.368627, 1 )
position = Vector2( 323.179, 222.504 )
scale = Vector2( 1.00055, 1.00055 )
z_index = 1

[node name="Sprite" parent="Bloque Comienzo/SillaPlayera1" index="0"]
flip_h = true

[node name="CollisionShape2D" parent="Bloque Comienzo/SillaPlayera1" index="1"]
position = Vector2( -3.15808, -3.17273 )

[node name="Castillo" parent="Bloque Comienzo" instance=ExtResource( 3 )]
modulate = Color( 0.580392, 0.25098, 0.368627, 1 )
position = Vector2( 699.667, 16.2192 )
scale = Vector2( 0.999323, 0.999323 )

[node name="Reposera" parent="Bloque Comienzo" instance=ExtResource( 4 )]
modulate = Color( 0.580392, 0.25098, 0.368627, 1 )
position = Vector2( 1220.32, -122.713 )

[node name="Cliente1" parent="Bloque Comienzo" instance=ExtResource( 11 )]
position = Vector2( 1479.24, 126.245 )
scale = Vector2( 1.47831, 1.47831 )

[node name="Cliente4" parent="Bloque Comienzo" instance=ExtResource( 15 )]
position = Vector2( 1171.68, -66.3295 )
scale = Vector2( 1.59927, 1.59927 )

[node name="Cliente2" parent="Bloque Comienzo" instance=ExtResource( 13 )]
position = Vector2( 859.235, 45.9811 )
scale = Vector2( 1.47774, 1.47774 )

[node name="Cliente3" parent="Bloque Comienzo" instance=ExtResource( 12 )]
position = Vector2( 1640.64, 252.275 )
scale = Vector2( 1.47858, 1.47858 )

[node name="Sombrilla3" parent="Bloque Comienzo" instance=ExtResource( 10 )]
position = Vector2( 1147.37, -173.213 )

[node name="Pozo" parent="Bloque Comienzo" instance=ExtResource( 5 )]
modulate = Color( 0.580392, 0.25098, 0.368627, 1 )
position = Vector2( 1451.04, 241.463 )
scale = Vector2( 1.02059, 1.02059 )

[node name="Bloque MarSurfista" type="Node2D" parent="."]
__meta__ = {
"_edit_lock_": true
}

[node name="Pozo2" parent="Bloque MarSurfista" instance=ExtResource( 5 )]
position = Vector2( 3017.59, -159.275 )
scale = Vector2( 1.02059, 1.02059 )

[node name="SillaPlayera3" parent="Bloque MarSurfista" instance=ExtResource( 2 )]
modulate = Color( 0.580392, 0.25098, 0.368627, 1 )
position = Vector2( 2159.35, -46.812 )

[node name="SillaPlayera2" parent="Bloque MarSurfista" instance=ExtResource( 6 )]
modulate = Color( 0.580392, 0.25098, 0.368627, 1 )
position = Vector2( 2036.31, 47.1437 )
scale = Vector2( 0.993032, 0.993032 )

[node name="Sombrilla2" parent="Bloque MarSurfista" instance=ExtResource( 8 )]
position = Vector2( 2067.3, -165.918 )

[node name="Reposera3" parent="Bloque MarSurfista" instance=ExtResource( 4 )]
position = Vector2( 2082.87, 211.305 )

[node name="Barquito" parent="Bloque MarSurfista" instance=ExtResource( 21 )]
position = Vector2( 2875.17, 296.185 )
scale = Vector2( 0.8, 0.8 )

[node name="Cliente5" parent="Bloque MarSurfista" instance=ExtResource( 11 )]
position = Vector2( 2686.77, -125.087 )

[node name="surfista" parent="Bloque MarSurfista" instance=ExtResource( 20 )]
position = Vector2( 2529.84, 74.311 )

[node name="Bloque RiesgoRecompensa1" type="Node2D" parent="."]
position = Vector2( 1325.44, -11.0007 )
__meta__ = {
"_edit_lock_": true
}

[node name="SillaPlayera4" parent="Bloque RiesgoRecompensa1" instance=ExtResource( 7 )]
position = Vector2( 3708.42, -0.22467 )

[node name="Cliente6" parent="Bloque RiesgoRecompensa1" instance=ExtResource( 12 )]
position = Vector2( 3754.72, 464.715 )
scale = Vector2( 1.47858, 1.47858 )

[node name="Fulbo arriba" parent="Bloque RiesgoRecompensa1" instance=ExtResource( 18 )]
modulate = Color( 0, 0, 0, 1 )
position = Vector2( 4184.93, -46.6584 )
scale = Vector2( 1.659, 1.659 )

[node name="Fulbo abajo" parent="Bloque RiesgoRecompensa1" instance=ExtResource( 17 )]
modulate = Color( 0, 0, 0, 1 )
position = Vector2( 4277.33, 447.212 )
scale = Vector2( 1.65919, 1.65919 )

[node name="Pelota2" parent="Bloque RiesgoRecompensa1" instance=ExtResource( 19 )]
position = Vector2( 4291.41, 56.2834 )

[node name="Reposera2" parent="Bloque RiesgoRecompensa1" instance=ExtResource( 4 )]
position = Vector2( 4027.35, 333.593 )

[node name="Sombrilla2" parent="Bloque RiesgoRecompensa1" instance=ExtResource( 8 )]
position = Vector2( 3826.79, -37.3907 )

[node name="Castillo3" parent="Bloque RiesgoRecompensa1" instance=ExtResource( 3 )]
position = Vector2( 3971.7, -31.5898 )

[node name="Barquito" parent="Bloque RiesgoRecompensa1" instance=ExtResource( 21 )]
position = Vector2( 3529.13, 262.081 )

[node name="Bloque RiesgoRecompensa2" type="Node2D" parent="."]
position = Vector2( 125.462, -108.942 )

[node name="Pozo" parent="Bloque RiesgoRecompensa2" instance=ExtResource( 5 )]
position = Vector2( 3483.51, -46.1566 )

[node name="Pelota" parent="Bloque RiesgoRecompensa2" instance=ExtResource( 19 )]
position = Vector2( 3653.52, 17.9422 )

[node name="Fulbo lateral" parent="Bloque RiesgoRecompensa2" instance=ExtResource( 16 )]
modulate = Color( 0, 0, 0, 1 )
position = Vector2( 4098.01, 97.1947 )
scale = Vector2( 1.47941, 1.47941 )

[node name="Fulbo lateral2" parent="Bloque RiesgoRecompensa2" instance=ExtResource( 16 )]
modulate = Color( 0, 0, 0, 1 )
position = Vector2( 3429.14, 93.6066 )
scale = Vector2( 1.47941, 1.47941 )

[node name="Sprite" parent="Bloque RiesgoRecompensa2/Fulbo lateral2" index="0"]
position = Vector2( 20.2409, -66.8781 )
flip_h = true

[node name="CollisionShape2D" parent="Bloque RiesgoRecompensa2/Fulbo lateral2" index="1"]
position = Vector2( 2.70361, -1.34552 )

[node name="Sombrilla3" parent="Bloque RiesgoRecompensa2" instance=ExtResource( 10 )]
position = Vector2( 4106.4, -51.7932 )

[node name="SillaPlayera3" parent="Bloque RiesgoRecompensa2" instance=ExtResource( 2 )]
position = Vector2( 3787.41, -48.0354 )

[node name="Mujer1" parent="Bloque RiesgoRecompensa2" instance=ExtResource( 23 )]
position = Vector2( 3777.97, -66.824 )

[node name="Castillo" parent="Bloque RiesgoRecompensa2" instance=ExtResource( 3 )]
position = Vector2( 3760.86, 374.915 )

[node name="Cliente1" parent="Bloque RiesgoRecompensa2/Castillo" instance=ExtResource( 11 )]
position = Vector2( 195.286, -4.09326 )

[node name="Bloque MuchosClientes1" type="Node2D" parent="."]

[node name="SillaPlayera2" parent="Bloque MuchosClientes1" instance=ExtResource( 6 )]
position = Vector2( 6466.51, -99.1541 )

[node name="Hombre1" parent="Bloque MuchosClientes1" instance=ExtResource( 24 )]
position = Vector2( 6459.09, -114.512 )
scale = Vector2( 1.35956, 1.35956 )

[node name="SillaPlayera3" parent="Bloque MuchosClientes1" instance=ExtResource( 2 )]
position = Vector2( 6678.92, -113.833 )

[node name="Mujer1" parent="Bloque MuchosClientes1" instance=ExtResource( 23 )]
position = Vector2( 6673.61, -107.707 )

[node name="Sombrilla3" parent="Bloque MuchosClientes1" instance=ExtResource( 10 )]
position = Vector2( 6059.96, 187.8 )

[node name="Sombrilla2" parent="Bloque MuchosClientes1" instance=ExtResource( 8 )]
position = Vector2( 6573, -182.576 )

[node name="Cliente2" parent="Bloque MuchosClientes1" instance=ExtResource( 13 )]
position = Vector2( 6166.58, 214.911 )

[node name="Cliente3" parent="Bloque MuchosClientes1" instance=ExtResource( 12 )]
position = Vector2( 6771.87, 242.484 )

[node name="Cliente1" parent="Bloque MuchosClientes1" instance=ExtResource( 11 )]
position = Vector2( 7181.72, 41.6112 )

[node name="Reposera" parent="Bloque MuchosClientes1" instance=ExtResource( 4 )]
position = Vector2( 7344.86, 177.717 )

[node name="Cliente4" parent="Bloque MuchosClientes1" instance=ExtResource( 15 )]
position = Vector2( 7315.21, 209.602 )

[node name="Sombrilla1" parent="Bloque MuchosClientes1" instance=ExtResource( 9 )]
position = Vector2( 7055.75, 34.2557 )

[node name="SillaPlayera1" parent="Bloque MuchosClientes1" instance=ExtResource( 7 )]
position = Vector2( 5960.5, 84.1315 )

[node name="Bloque MuchosClientes2" type="Node2D" parent="."]
position = Vector2( 0, 176.952 )

[node name="Hombre1" parent="Bloque MuchosClientes2" instance=ExtResource( 25 )]
position = Vector2( 8593.54, -355.961 )

[node name="Cliente1" parent="Bloque MuchosClientes2" instance=ExtResource( 11 )]
position = Vector2( 7922.39, 40.6077 )
scale = Vector2( 1.9953, 1.9953 )

[node name="Cliente2" parent="Bloque MuchosClientes2" instance=ExtResource( 13 )]
position = Vector2( 9023.45, -77.2676 )
scale = Vector2( 1.9953, 1.9953 )

[node name="SillaPlayera1" parent="Bloque MuchosClientes2" instance=ExtResource( 7 )]
position = Vector2( 7912.18, -142.997 )

[node name="Pozo" parent="Bloque MuchosClientes2" instance=ExtResource( 5 )]
position = Vector2( 7767.48, -46.4048 )

[node name="Castillo" parent="Bloque MuchosClientes2" instance=ExtResource( 3 )]
position = Vector2( 8297.47, -366.372 )

[node name="Barquito" parent="Bloque MuchosClientes2" instance=ExtResource( 21 )]
position = Vector2( 8830.78, -186.26 )

[node name="Mujer1" parent="Bloque MuchosClientes2" instance=ExtResource( 26 )]
position = Vector2( 8324.25, -57.1782 )

[node name="Sombrilla3" parent="Bloque MuchosClientes2" instance=ExtResource( 10 )]
position = Vector2( 7588.27, -357.773 )

[node name="Sombrilla2" parent="Bloque MuchosClientes2" instance=ExtResource( 8 )]
position = Vector2( 8988.19, -214.202 )

[node name="Sombrilla1" parent="Bloque MuchosClientes2" instance=ExtResource( 9 )]
position = Vector2( 2845.82, -335.526 )

[node name="Perro" parent="." instance=ExtResource( 22 )]
position = Vector2( 10631.8, -75.939 )

[node name="churros" type="Node2D" parent="."]

[node name="money" type="Node2D" parent="."]

[editable path="Bloque Comienzo/SillaPlayera5"]
[editable path="Bloque Comienzo/SillaPlayera1"]
[editable path="Bloque RiesgoRecompensa2/Fulbo lateral2"]
