[gd_scene load_steps=31 format=2]

[ext_resource path="res://Personajes/Cliente2.tscn" type="PackedScene" id=1]
[ext_resource path="res://Objetos/Escollera.tscn" type="PackedScene" id=2]
[ext_resource path="res://Objetos/Mar.tscn" type="PackedScene" id=3]
[ext_resource path="res://Levels/LVL001/leveltest_hilario_chexmo.gd" type="Script" id=4]
[ext_resource path="res://Objetos/Sombrilla2.tscn" type="PackedScene" id=8]
[ext_resource path="res://Objetos/Sombrilla3.tscn" type="PackedScene" id=10]
[ext_resource path="res://Player/Player.tscn" type="PackedScene" id=14]
[ext_resource path="res://Objetos/Pelota.tscn" type="PackedScene" id=19]
[ext_resource path="res://Objetos/SillaPlayera2.tscn" type="PackedScene" id=27]
[ext_resource path="res://IngameHUD/HUD.tscn" type="PackedScene" id=28]
[ext_resource path="res://Levels/LVL001/FondoAnimado/FondoAnimado.tscn" type="PackedScene" id=29]
[ext_resource path="res://Objetos/Sombrilla1.tscn" type="PackedScene" id=30]
[ext_resource path="res://Objetos/SillaPlayera1.tscn" type="PackedScene" id=31]
[ext_resource path="res://Personajes/Jefe/Jefe.tscn" type="PackedScene" id=32]
[ext_resource path="res://Objetos/Reposera.tscn" type="PackedScene" id=33]
[ext_resource path="res://Objetos/SillaPlayera3.tscn" type="PackedScene" id=34]
[ext_resource path="res://Objetos/Pozo.tscn" type="PackedScene" id=35]
[ext_resource path="res://Personajes/Fulbo lateral.tscn" type="PackedScene" id=36]
[ext_resource path="res://Objetos/Castillo.tscn" type="PackedScene" id=37]
[ext_resource path="res://Personajes/Cliente4.tscn" type="PackedScene" id=38]
[ext_resource path="res://Personajes/Cliente1.tscn" type="PackedScene" id=39]
[ext_resource path="res://Personajes/Cliente3.tscn" type="PackedScene" id=40]
[ext_resource path="res://Personajes/surfista.tscn" type="PackedScene" id=41]
[ext_resource path="res://Objetos/Barquito.tscn" type="PackedScene" id=42]
[ext_resource path="res://Personajes/Mujer1.tscn" type="PackedScene" id=43]
[ext_resource path="res://Personajes/Fulbo arriba.tscn" type="PackedScene" id=44]
[ext_resource path="res://Personajes/Perro.tscn" type="PackedScene" id=45]
[ext_resource path="res://Personajes/Fulbo abajo.tscn" type="PackedScene" id=46]
[ext_resource path="res://Personajes/Hombre1.tscn" type="PackedScene" id=47]

[sub_resource type="RectangleShape2D" id=1]
extents = Vector2( 10000, 100 )

[node name="LVLl001" type="Node2D"]
position = Vector2( -33.7578, 460.038 )
scale = Vector2( 0.667489, 0.670575 )
script = ExtResource( 4 )

[node name="Parallax" parent="." instance=ExtResource( 29 )]

[node name="Bloques" type="YSort" parent="."]

[node name="Comienzo" type="YSort" parent="Bloques"]
__meta__ = {
"_edit_lock_": true
}

[node name="Jefe" parent="Bloques/Comienzo" instance=ExtResource( 32 )]
position = Vector2( -853.69, 456.948 )
objetivo = 1000

[node name="SillaPlayera1" parent="Bloques/Comienzo" instance=ExtResource( 31 )]
position = Vector2( 433.89, 98.9669 )

[node name="Sprite" parent="Bloques/Comienzo/SillaPlayera1" index="0"]
flip_h = true

[node name="SillaPlayera2" parent="Bloques/Comienzo" instance=ExtResource( 27 )]
position = Vector2( 156.652, 10.872 )

[node name="Sombrilla2" parent="Bloques/Comienzo" instance=ExtResource( 30 )]
position = Vector2( 49.0762, 24.6982 )

[node name="Sombrilla1" parent="Bloques/Comienzo" instance=ExtResource( 30 )]
position = Vector2( 260.661, -19.0484 )

[node name="Castillo" parent="Bloques/Comienzo" instance=ExtResource( 37 )]
position = Vector2( 705.192, 28.6399 )

[node name="Cliente5" parent="Bloques/Comienzo" instance=ExtResource( 1 )]
position = Vector2( 922.583, 27.2501 )
scale = Vector2( 2.21427, 2.20408 )

[node name="Sombrilla3" parent="Bloques/Comienzo" instance=ExtResource( 10 )]
position = Vector2( 1306.17, -0.227142 )

[node name="client" parent="Bloques/Comienzo" instance=ExtResource( 38 )]
position = Vector2( 1186.9, 79.7788 )
_stateTimelapse = 5.0

[node name="Reposera" parent="Bloques/Comienzo" instance=ExtResource( 33 )]
position = Vector2( 1202.17, 48.4624 )

[node name="Cliente1" parent="Bloques/Comienzo" instance=ExtResource( 39 )]
position = Vector2( 1480.03, 78.8162 )

[node name="Cliente3" parent="Bloques/Comienzo" instance=ExtResource( 40 )]
position = Vector2( 1816.9, 87.87 )

[node name="Pozo" parent="Bloques/Comienzo" instance=ExtResource( 35 )]
position = Vector2( 1659.38, 92.9362 )

[node name="Escollera2" parent="Bloques/Comienzo" instance=ExtResource( 2 )]
position = Vector2( -1320.35, 706.66 )

[node name="Surfista" type="YSort" parent="Bloques"]
__meta__ = {
"_edit_lock_": true
}

[node name="surfista" parent="Bloques/Surfista" instance=ExtResource( 41 )]
position = Vector2( 2540.22, 113.119 )

[node name="Barquito" parent="Bloques/Surfista" instance=ExtResource( 42 )]
position = Vector2( 2893.83, 435.475 )

[node name="Reposera" parent="Bloques/Surfista" instance=ExtResource( 33 )]
position = Vector2( 2074.18, 197.163 )

[node name="Sombrilla2" parent="Bloques/Surfista" instance=ExtResource( 8 )]
position = Vector2( 2003.74, 23.8881 )

[node name="SillaPlayera2" parent="Bloques/Surfista" instance=ExtResource( 27 )]
position = Vector2( 2063.3, -110.744 )

[node name="SillaPlayera3" parent="Bloques/Surfista" instance=ExtResource( 34 )]
position = Vector2( 2162.88, 1.0304 )

[node name="Pozo" parent="Bloques/Surfista" instance=ExtResource( 35 )]
position = Vector2( 2993.41, -98.0906 )

[node name="Cliente1" parent="Bloques/Surfista" instance=ExtResource( 39 )]
position = Vector2( 3167.67, -152.013 )

[node name="Riesgo1" type="YSort" parent="Bloques"]
position = Vector2( 1325.44, -11.0007 )
__meta__ = {
"_edit_lock_": true
}

[node name="Castillo" parent="Bloques/Riesgo1" instance=ExtResource( 37 )]
position = Vector2( 2574.5, 348.001 )

[node name="Cliente2" parent="Bloques/Riesgo1/Castillo" instance=ExtResource( 1 )]
position = Vector2( 168.247, -30.0187 )

[node name="SillaPlayera2" parent="Bloques/Riesgo1" instance=ExtResource( 27 )]
position = Vector2( 3802.02, 394.418 )
scale = Vector2( 0.857141, 0.728745 )

[node name="Mujer1" parent="Bloques/Riesgo1" instance=ExtResource( 43 )]
position = Vector2( 3778.78, 399.758 )
_stateTimelapse = 2.4

[node name="Fulbo arriba" parent="Bloques/Riesgo1" instance=ExtResource( 44 )]
position = Vector2( 4070.22, 40.2568 )
scale = Vector2( 1.37963, 1.02 )

[node name="Fulbo abajo" parent="Bloques/Riesgo1" instance=ExtResource( 46 )]
position = Vector2( 4104.19, 437.131 )
scale = Vector2( 1.46342, 1.28906 )

[node name="Pelota2" parent="Bloques/Riesgo1" instance=ExtResource( 19 )]
position = Vector2( 4079.01, 59.1508 )
_upValue = 100
_downValue = 100
_leftValue = 0
_rightValue = 0

[node name="Sombrilla2" parent="Bloques/Riesgo1" instance=ExtResource( 8 )]
position = Vector2( 3898.31, 42.6962 )

[node name="Riesgo2" type="YSort" parent="Bloques"]
position = Vector2( 125.462, -108.942 )

[node name="SillaPlayera1" parent="Bloques/Riesgo2" instance=ExtResource( 31 )]
position = Vector2( 3420.93, 8.74243 )

[node name="Fulbo lateral" parent="Bloques/Riesgo2" instance=ExtResource( 36 )]
position = Vector2( 3443.42, 126.844 )

[node name="Sprite" parent="Bloques/Riesgo2/Fulbo lateral" index="0"]
flip_h = true

[node name="Fulbo lateral2" parent="Bloques/Riesgo2" instance=ExtResource( 36 )]
position = Vector2( 4114.14, 124.735 )

[node name="Pelota" parent="Bloques/Riesgo2" instance=ExtResource( 19 )]
position = Vector2( 3758.16, 17.9422 )
_upValue = 0
_downValue = 0
_leftValue = 200
_rightValue = 200

[node name="Sombrilla3" parent="Bloques/Riesgo2" instance=ExtResource( 10 )]
position = Vector2( 4066.15, 26.2381 )

[node name="SillaPlayera3" parent="Bloques/Riesgo2" instance=ExtResource( 34 )]
position = Vector2( 3762.04, -25.0008 )

[node name="Mujer1" parent="Bloques/Riesgo2" instance=ExtResource( 43 )]
position = Vector2( 3753.57, -20.783 )
_stateTimelapse = 3.5

[node name="Barquito" parent="Bloques/Riesgo2" instance=ExtResource( 42 )]
position = Vector2( 4723.08, 449.647 )

[node name="SillaPlayera2" parent="Bloques/Riesgo2" instance=ExtResource( 31 )]
position = Vector2( 4935.85, 175.572 )

[node name="Clientes1" type="YSort" parent="Bloques"]

[node name="SillaPlayera1" parent="Bloques/Clientes1" instance=ExtResource( 31 )]
position = Vector2( 5874.82, 221.464 )

[node name="Sombrilla3" parent="Bloques/Clientes1" instance=ExtResource( 10 )]
position = Vector2( 6059.96, 187.8 )

[node name="Sombrilla2" parent="Bloques/Clientes1" instance=ExtResource( 8 )]
position = Vector2( 6565.85, -113.167 )

[node name="SillaPlayera2" parent="Bloques/Clientes1" instance=ExtResource( 27 )]
position = Vector2( 6443.38, -56.1699 )

[node name="SillaPlayera3" parent="Bloques/Clientes1" instance=ExtResource( 34 )]
position = Vector2( 6695.48, -49.051 )

[node name="Mujer1" parent="Bloques/Clientes1" instance=ExtResource( 43 )]
position = Vector2( 6679.39, -47.2714 )
_stateTimelapse = 4.0

[node name="Hombre1" parent="Bloques/Clientes1" instance=ExtResource( 47 )]
position = Vector2( 6448.75, -50.8307 )
_stateTimelapse = 3.0

[node name="Sombrilla1" parent="Bloques/Clientes1" instance=ExtResource( 30 )]
position = Vector2( 7055.75, 34.2557 )

[node name="Mujer2" parent="Bloques/Clientes1" instance=ExtResource( 43 )]
position = Vector2( 5896.28, 228.583 )
_stateTimelapse = 6.0

[node name="AnimatedSprite" parent="Bloques/Clientes1/Mujer2" index="0"]
flip_h = true

[node name="client" parent="Bloques/Clientes1" instance=ExtResource( 38 )]
position = Vector2( 7337.35, 248.16 )
_stateTimelapse = 2.6

[node name="Reposera" parent="Bloques/Clientes1" instance=ExtResource( 33 )]
position = Vector2( 7359.09, 228.583 )

[node name="Clientes2" type="YSort" parent="Bloques"]
position = Vector2( 0, 176.952 )

[node name="Sombrilla3" parent="Bloques/Clientes2" instance=ExtResource( 10 )]
position = Vector2( 7629.39, -252.77 )

[node name="Sombrilla2" parent="Bloques/Clientes2" instance=ExtResource( 8 )]
position = Vector2( 9139.2, -197.292 )

[node name="Sombrilla1" parent="Bloques/Clientes2" instance=ExtResource( 30 )]
position = Vector2( 2828.87, -322.872 )

[node name="Cliente3" parent="Bloques/Clientes2" instance=ExtResource( 39 )]
position = Vector2( 7183.59, -60.4903 )

[node name="Cliente4" parent="Bloques/Clientes2" instance=ExtResource( 40 )]
position = Vector2( 6546.79, 96.7821 )

[node name="Pozo" parent="Bloques/Clientes2" instance=ExtResource( 35 )]
position = Vector2( 7855.85, 53.411 )

[node name="Cliente1" parent="Bloques/Clientes2" instance=ExtResource( 39 )]
position = Vector2( 8013.19, 106.802 )

[node name="Castillo" parent="Bloques/Clientes2" instance=ExtResource( 37 )]
position = Vector2( 8357.18, -225.168 )

[node name="Hombre1" parent="Bloques/Clientes2" instance=ExtResource( 47 )]
position = Vector2( 8598.79, -212.015 )
_stateTimelapse = 4.0

[node name="Barquito" parent="Bloques/Clientes2" instance=ExtResource( 42 )]
position = Vector2( 8825.29, -138.74 )

[node name="Cliente2" parent="Bloques/Clientes2" instance=ExtResource( 1 )]
position = Vector2( 9066.9, -67.3427 )

[node name="Mujer1" parent="Bloques/Clientes2" instance=ExtResource( 43 )]
position = Vector2( 7977.43, -131.679 )

[node name="AnimatedSprite" parent="Bloques/Clientes2/Mujer1" index="0"]
flip_h = true

[node name="SillaPlayera1" parent="Bloques/Clientes2" instance=ExtResource( 31 )]
position = Vector2( 7954.39, -112.692 )

[node name="PerroAcecha" type="YSort" parent="Bloques"]

[node name="Mujer1" parent="Bloques/PerroAcecha" instance=ExtResource( 43 )]
position = Vector2( 10167.3, 92.6995 )
_stateTimelapse = 2.9

[node name="Reposera" parent="Bloques/PerroAcecha" instance=ExtResource( 33 )]
position = Vector2( 10167.6, 66.3953 )

[node name="Sombrilla1" parent="Bloques/PerroAcecha" instance=ExtResource( 30 )]
position = Vector2( 9900.5, 101.725 )

[node name="Sombrilla3" parent="Bloques/PerroAcecha" instance=ExtResource( 10 )]
position = Vector2( 10386.2, 104.885 )

[node name="Perro6" parent="Bloques/PerroAcecha" instance=ExtResource( 45 )]
position = Vector2( 9690.76, 189.406 )
_speed = 4
_upValue = 200
_downValue = 200
_leftValue = 2
_rightValue = 6

[node name="Perro8" parent="Bloques/PerroAcecha" instance=ExtResource( 45 )]
position = Vector2( 10639.2, 273.071 )
_speed = 7
_barkTimeLapse = 6
_upValue = 5
_leftValue = 100
_rightValue = 100

[node name="Trinchera" type="YSort" parent="Bloques"]

[node name="Barquito" parent="Bloques/Trinchera" instance=ExtResource( 42 )]
position = Vector2( 12559.3, 415.609 )
rotation = 0.296706

[node name="Perro" parent="Bloques/Trinchera" instance=ExtResource( 45 )]
position = Vector2( 12152.7, 204.967 )
_barkTimeLapse = 8

[node name="Pozo" parent="Bloques/Trinchera" instance=ExtResource( 35 )]
position = Vector2( 11427.3, 72.4024 )

[node name="Pozo2" parent="Bloques/Trinchera" instance=ExtResource( 35 )]
position = Vector2( 11674.7, 240.475 )

[node name="Pozo3" parent="Bloques/Trinchera" instance=ExtResource( 35 )]
position = Vector2( 12062.3, -27.021 )

[node name="Perro2" parent="Bloques/Trinchera" instance=ExtResource( 45 )]
position = Vector2( 11159.3, -55.2993 )
_speed = 10
_barkTimeLapse = 10
_upValue = 5
_downValue = 5
_leftValue = 100
_rightValue = 100

[node name="Hombre1" parent="Bloques/Trinchera" instance=ExtResource( 47 )]
position = Vector2( 12420.9, -49.3508 )
_stateTimelapse = 2.2

[node name="Hombre2" parent="Bloques/Trinchera" instance=ExtResource( 47 )]
position = Vector2( 11735.6, -21.7629 )
_stateTimelapse = 1.8

[node name="client" parent="Bloques/Trinchera" instance=ExtResource( 38 )]
position = Vector2( 11224.1, 361.959 )
_stateTimelapse = 2.0

[node name="Escollera" parent="Bloques/Trinchera" instance=ExtResource( 2 )]
position = Vector2( 13007.8, 643.267 )

[node name="Reposera" parent="Bloques/Trinchera" instance=ExtResource( 33 )]
position = Vector2( 11258.8, 316.226 )

[node name="Churrero" parent="Bloques" instance=ExtResource( 14 )]
position = Vector2( -554.578, 379.421 )
speed = 350

[node name="churros" type="Node2D" parent="."]

[node name="money" type="Node2D" parent="."]

[node name="StaticBody2D" type="StaticBody2D" parent="."]
position = Vector2( -292.052, 872.122 )

[node name="CollisionShape2D" type="CollisionShape2D" parent="StaticBody2D"]
position = Vector2( 8708.32, -243.103 )
shape = SubResource( 1 )

[node name="StaticBody2D2" type="StaticBody2D" parent="."]

[node name="CollisionShape2D" type="CollisionShape2D" parent="StaticBody2D2"]
position = Vector2( 8704.65, -243.103 )
shape = SubResource( 1 )

[node name="HUD_Container" type="CanvasLayer" parent="."]

[node name="HUD" parent="HUD_Container" instance=ExtResource( 28 )]
margin_top = -0.594604
margin_bottom = -0.594604
money = 5

[node name="CanvasLayer" type="CanvasLayer" parent="."]

[node name="mar" parent="CanvasLayer" instance=ExtResource( 3 )]
position = Vector2( 262.818, 344.107 )
scale = Vector2( 0.667489, 0.670575 )

[node name="mar2" parent="CanvasLayer" instance=ExtResource( 3 )]
position = Vector2( 191.321, 264.711 )
scale = Vector2( 0.637823, 0.926303 )

[node name="mar3" parent="CanvasLayer" instance=ExtResource( 3 )]
position = Vector2( 599.603, 376.281 )
scale = Vector2( 0.979861, 0.792769 )

[connection signal="charlar_con_churrero" from="Bloques/Comienzo/Jefe" to="." method="_on_Jefe_charlar_con_churrero"]
[connection signal="money" from="Bloques/Churrero" to="." method="_on_Churrero_money"]
[connection signal="game_ended" from="HUD_Container/HUD" to="." method="_on_HUD_game_ended"]

[editable path="Bloques/Comienzo/SillaPlayera1"]
[editable path="Bloques/Riesgo2/Fulbo lateral"]
[editable path="Bloques/Riesgo2/Fulbo lateral2"]
[editable path="Bloques/Clientes1/Mujer2"]
[editable path="Bloques/Clientes2/Mujer1"]
